@InProceedings{Courtney2003b,
  author = 	 "Antony Courtney and Henrik Nilsson and John Peterson",
  title = 	 "The {Y}ampa Arcade",
  booktitle =	 "Proceedings of the 2003 {ACM SIGPLAN} {H}askell
		  Workshop ({H}askell'03)",
  pages =	 "7--18",
  year =	 2003,
  address =	 "Uppsala, Sweden",
  publisher =	 "{ACM} Press",
  month =	 aug
}

@InProceedings{eh97:fran,
 author =	 "Conal Elliott and Paul Hudak",
 title =	 "Functional Reactive Animation",
 booktitle =	 "International Conference on Functional Programming",
 year =	 1997,
 month =	 "June",
 pages =	 {163-173}
}

@article{czaplicki2012elm,
  title={Elm: Concurrent FRP for Functional GUIs},
  author={Czaplicki, Evan},
  journal={Senior thesis, Harvard University},
  year={2012}
}

@inproceedings{Pembeci:2002:FRR:571157.571174,
  acmid = {571174},
  added-at = {2014-12-10T04:12:31.000+0100},
  address = {New York, NY, USA},
  author = {Pembeci, Izzet and Nilsson, Henrik and Hager, Gregory},
  biburl = {https://www.bibsonomy.org/bibtex/275153e40688ec9113c22306ed29bb3e2/wolftype},
  booktitle = {Proceedings of the 4th ACM SIGPLAN International Conference on Principles and Practice of Declarative Programming},
  description = {Functional reactive robotics},
  doi = {10.1145/571157.571174},
  interhash = {4f3f9ec90aa31275723db51c45c16ee8},
  intrahash = {75153e40688ec9113c22306ed29bb3e2},
  isbn = {1-58113-528-9},
  keywords = {functionalprogramming},
  location = {Pittsburgh, PA, USA},
  numpages = {12},
  pages = {168--179},
  publisher = {ACM},
  series = {PPDP '02},
  timestamp = {2014-12-10T04:12:31.000+0100},
  title = {Functional Reactive Robotics: An Exercise in Principled Integration of Domain-specific Languages},
  url = {http://doi.acm.org/10.1145/571157.571174},
  year = 2002
}

@book{JasonGregory-GameEngineArchitecture,
  title={Game Engine Architecture},
  author={Gregory, Jason},
  year={2014},
  edition={2},
  month="June",
  isbn={978-1-4665-6006-2}
}
