% Sobre motores de juego

@article{andrews2009designing,
  title={Designing the framework of a parallel game engine},
  author={Andrews, Jeff},
  journal={Articles on Intel Software Network},
  volume={109},
  pages={127},
  year={2009}
}

@book{JasonGregory-GameEngineArchitecture,
  title={Game Engine Architecture},
  author={Gregory, Jason},
  year={2014},
  edition={2},
  month="June",
  isbn={978-1-4665-6006-2}
}

% Sobre FRP

@InProceedings{Courtney2003b,
  author = 	 "Antony Courtney and Henrik Nilsson and John Peterson",
  title = 	 "The {Y}ampa Arcade",
  booktitle =	 "Proceedings of the 2003 {ACM SIGPLAN} {H}askell
		  Workshop ({H}askell'03)",
  pages =	 "7--18",
  year =	 2003,
  address =	 "Uppsala, Sweden",
  publisher =	 "{ACM} Press",
  month =	 aug
}

@InProceedings{eh97:fran,
 author =	 "Conal Elliott and Paul Hudak",
 title =	 "Functional Reactive Animation",
 booktitle =	 "International Conference on Functional Programming",
 year =	 1997,
 month =	 "June",
 pages =	 {163-173}
}

@article{czaplicki2012elm,
  title={Elm: Concurrent FRP for Functional GUIs},
  author={Czaplicki, Evan},
  journal={Senior thesis, Harvard University},
  year={2012}
}

@inproceedings{Pembeci:2002:FRR:571157.571174,
  acmid = {571174},
  added-at = {2014-12-10T04:12:31.000+0100},
  address = {New York, NY, USA},
  author = {Pembeci, Izzet and Nilsson, Henrik and Hager, Gregory},
  biburl = {https://www.bibsonomy.org/bibtex/275153e40688ec9113c22306ed29bb3e2/wolftype},
  booktitle = {Proceedings of the 4th ACM SIGPLAN International Conference on Principles and Practice of Declarative Programming},
  description = {Functional reactive robotics},
  doi = {10.1145/571157.571174},
  interhash = {4f3f9ec90aa31275723db51c45c16ee8},
  intrahash = {75153e40688ec9113c22306ed29bb3e2},
  isbn = {1-58113-528-9},
  keywords = {functionalprogramming},
  location = {Pittsburgh, PA, USA},
  numpages = {12},
  pages = {168--179},
  publisher = {ACM},
  series = {PPDP '02},
  timestamp = {2014-12-10T04:12:31.000+0100},
  title = {Functional Reactive Robotics: An Exercise in Principled Integration of Domain-specific Languages},
  url = {http://doi.acm.org/10.1145/571157.571174},
  year = 2002
}

@ONLINE{wiki:Yampa,
  title = {Yampa},
  year = {2017},
  url = {https://wiki.haskell.org/Yampa}
}

% Sobre prog funcional

@article{hughes2000generalising,
  title={Generalising monads to arrows},
  author={Hughes, John},
  journal={Science of computer programming},
  volume={37},
  number={1-3},
  pages={67--111},
  year={2000},
  publisher={Elsevier}
}

@article{hughes1989functional,
  title={Why functional programming matters},
  author={Hughes, John},
  journal={The computer journal},
  volume={32},
  number={2},
  pages={98--107},
  year={1989},
  publisher={Oxford University Press}
}

@ONLINE{wiki:MonadsComputation,
  title = {Monads as computation},
  month="December",
  year = {2011},
  url = "https://wiki.haskell.org/Monads_as_computation"
}

@ONLINE{wiki:WriteAHaskellProgram,
  title = {How to write a Haskell program},
  month="December",
  year = {2016},
  url = "https://wiki.haskell.org/How_to_write_a_Haskell_program"
}

@ONLINE{wiki:MonadsContainers,
  title = {Monads as containers},
  month="December",
  year = {2011},
  url = "https://wiki.haskell.org/Monads_as_containers"
}

@ONLINE{wiki:FunctionalProgramming,
  title = {Functional programming},
  month="December",
  year = {2014},
  url = "https://wiki.haskell.org/Functional_programming"
}

% otros

@article{paterson2001new,
  title={A new notation for arrows},
  author={Paterson, Ross},
  journal={ACM SIGPLAN Notices},
  volume={36},
  number={10},
  pages={229--240},
  year={2001},
  publisher={ACM}
}

@ONLINE{libreria:JuicyPixels,
  title = {JuicyPixels },
  month="November",
  year = {2017},
  url = "https://hackage.haskell.org/package/JuicyPixels-3.2.9.1"
}

@article{moggi1991notions,
  title={Notions of computation and monads},
  author={Moggi, Eugenio},
  journal={Information and computation},
  volume={93},
  number={1},
  pages={55--92},
  year={1991},
  publisher={Elsevier}
}

@inproceedings{marlow2014there,
  title={There is no fork: An abstraction for efficient, concurrent, and concise data access},
  author={Marlow, Simon and Brandy, Louis and Coens, Jonathan and Purdy, Jon},
  booktitle={ACM SIGPLAN Notices},
  volume={49},
  number={9},
  pages={325--337},
  year={2014},
  organization={ACM}
}

@ONLINE{Facebook:Fighting,
  title = {{Fighting spam with Haskell}},
  author={Facebook},
  month="June",
  year = {2015},
  url = {https://code.facebook.com/posts/745068642270222/fighting-spam-with-haskell/}
}

@ONLINE{Facebook:sourcing,
  title = {{Open-sourcing Haxl, a library for Haskell}},
  author={Facebook},
  month="June",
  year = {2014},
  url = {https://code.facebook.com/posts/302060973291128/open-sourcing-haxl-a-library-for-haskell/}
}

@ONLINE{devblog:Meisinger,
  title = {{Why I switched from component-based game engine architecture to functional reactive programming}},
  author={{Gerold Meisinger}},
  month="August",
  year = {2010},
  url = {http://lambdor.net/?p=171}
}

@book{millington2016artificial,
  title={Artificial intelligence for games},
  author={Millington, Ian and Funge, John},
  year={2016},
  publisher={CRC Press}
}

@book{thomasson2016haskell,
  title={Haskell High Performance Programming},
  author={Thomasson, Samuli},
  year={2016},
  publisher={Packt Publishing}
}

@book{mcconnell2004code,
  title={Code complete},
  author={McConnell, Steve},
  year={2004},
  publisher={Pearson Education}
}
